@book{pearl09,
title={Causality},
author={Pearl, Judea},
year={2009},
publisher={Cambridge university press}
}

@article{tikka17,
title={Identifying causal effects with the {R} package causaleffect},
author={Tikka, Santtu and Karvanen, Juha},
journal={J. Stat. Softw},
year={2017}
}

@article{spirtes10,
title={Automated search for causal relations: Theory and practice},
author={Spirtes, Peter and Glymour, Clark and Scheines, Richard and Tillman, Robert},
year={2010},
publisher={Carnegie Mellon University}
}

@article{zheng18,
title={DAGs with NO TEARS: Continuous optimization for structure learning},
author={Zheng, Xun and Aragam, Bryon and Ravikumar, Pradeep K and Xing, Eric P},
journal={Advances in Neural Information Processing Systems},
volume={31},
pages={9472--9483},
year={2018}
}
